<record><leader>00000cas a2200000 a 4500</leader><controlfield tag="001">10939958</controlfield><controlfield tag="008">840712d19681972njudr ne      0    0eng  </controlfield><controlfield tag="009">466</controlfield><datafield ind1=" " ind2=" " tag="010"><subfield code="a">sn 84020488 </subfield></datafield><datafield ind1=" " ind2=" " tag="040"><subfield code="a">DLC</subfield><subfield code="b">eng</subfield><subfield code="c">DLC</subfield><subfield code="d">NPA</subfield><subfield code="d">NJW</subfield><subfield code="d">KNP</subfield><subfield code="d">NVK</subfield><subfield code="d">OCL</subfield><subfield code="d">OCLCQ</subfield><subfield code="d">OCLCO</subfield><subfield code="d">OCLCF</subfield></datafield><datafield ind1="1" ind2=" " tag="029"><subfield code="a">AU@</subfield><subfield code="b">000024693046</subfield></datafield><datafield ind1=" " ind2=" " tag="042"><subfield code="a">msc</subfield></datafield><datafield ind1="0" ind2="0" tag="050"><subfield code="a">Newspaper</subfield></datafield><datafield ind1="0" ind2=" " tag="130"><subfield code="a">Evening news (Newark, N.J.)</subfield></datafield><datafield ind1="0" ind2="4" tag="245"><subfield code="a">The evening news.</subfield></datafield><datafield ind1="3" ind2="0" tag="246"><subfield code="a">Newark Sunday news</subfield></datafield><datafield ind1=" " ind2=" " tag="260"><subfield code="a">Newark, N.J. :</subfield><subfield code="b">Evening News Pub. Co.,</subfield><subfield code="c">1968-1972.</subfield></datafield><datafield ind1=" " ind2=" " tag="300"><subfield code="a">5 v. :</subfield><subfield code="b">ill.</subfield></datafield><datafield ind1=" " ind2=" " tag="310"><subfield code="a">Daily</subfield></datafield><datafield ind1="0" ind2=" " tag="362"><subfield code="a">No. 26223 (Dec. 9, 1968)-no. 27101 (Aug. 31, 1972).</subfield></datafield><datafield ind1=" " ind2=" " tag="500"><subfield code="a">Sunday edition has title: Newark Sunday news.</subfield></datafield><datafield ind1=" " ind2=" " tag="515"><subfield code="a">Suspended with May 27, 1971 issue; resumed with Apr. 9, 1972 issue.</subfield></datafield><datafield ind1=" " ind2=" " tag="500"><subfield code="a">"Independent." Cf. Ayer, 1972.</subfield></datafield><datafield ind1=" " ind2="0" tag="651"><subfield code="a">Newark (N.J.)</subfield><subfield code="v">Newspapers.</subfield></datafield><datafield ind1=" " ind2="7" tag="655"><subfield code="a">Newspapers.</subfield><subfield code="2">fast</subfield><subfield code="0">(OCoLC)fst01423814</subfield></datafield><datafield ind1=" " ind2="7" tag="651"><subfield code="a">New Jersey</subfield><subfield code="z">Newark.</subfield><subfield code="2">fast</subfield><subfield code="0">(OCoLC)fst01205929</subfield></datafield><datafield ind1=" " ind2=" " tag="752"><subfield code="a">United States</subfield><subfield code="b">New Jersey</subfield><subfield code="c">Essex</subfield><subfield code="d">Newark.</subfield></datafield><datafield ind1="0" ind2="0" tag="780"><subfield code="t">Newark evening news (Newark, N.J. : 1883)</subfield><subfield code="w">(DLC)sn 83045531</subfield><subfield code="w">(OCoLC)9527354</subfield></datafield></record>